<?xml version="1.0" encoding="UTF-8"?><collection xmlns="http://www.loc.gov/MARC21/slim"><record><leader>00586nam--2200205-u-4500</leader><controlfield tag="001">000056732</controlfield><controlfield tag="002">20170216</controlfield><controlfield tag="005">20170216115518</controlfield><controlfield tag="008">170216s1000------------r-----000-0-eng-d</controlfield><datafield ind1=" " ind2=" " tag="040"><subfield code="a">IFIN-HH</subfield></datafield><datafield ind1="0" ind2=" " tag="041"><subfield code="a">eng</subfield></datafield><datafield ind1="1" ind2=" " tag="100"><subfield code="a">Perry H. John</subfield></datafield><datafield ind1="1" ind2="0" tag="245"><subfield code="a">Chemical Engineers' Handbook</subfield><subfield code="b">John H. Perry</subfield></datafield><datafield ind1=" " ind2=" " tag="250"><subfield code="a">Fourth Edition</subfield></datafield><datafield ind1=" " ind2=" " tag="260"><subfield code="a">McGraw-Hill Book Company</subfield><subfield code="b">Chemical Engineering</subfield><subfield code="c">1961</subfield></datafield><datafield ind1=" " ind2=" " tag="300"><subfield code="a">39p</subfield></datafield><datafield ind1=" " ind2="1" tag="490"><subfield code="a">Chemical Engineering Univesity of Rochester</subfield></datafield><datafield ind1="1" ind2=" " tag="700"><subfield code="a">Chilton H. Cecil and Kirkpatrick D. Sidney</subfield></datafield><datafield ind1=" " ind2=" " tag="852"><subfield code="a">32863</subfield><subfield code="b">66</subfield></datafield><datafield ind1=" " ind2=" " tag="CAT"><subfield code="a">SYS</subfield><subfield code="c">20170216</subfield><subfield code="h">115518</subfield></datafield></record></collection>